@misc{esports,
  author       = {经济日报-中国经济网},
  title        = {中国文化产业发展高峰论坛举行 业内热议后疫情时代文化新消费},
  howpublished = {\url{http://www.ce.cn/xwzx/gnsz/gdxw/202009/06/t20200906_35681720.shtml}}
}
@misc{prosetting_edpi,
  author       = {prosettings},
  title        = {Overwatch Pro Settings and Gear List},
  howpublished = {\url{https://prosettings.net/overwatch-pro-settings-gear-list/}}
}
@misc{prosetting_dpi,
  author       = {prosettings},
  title        = {What is DPI and eDPI?},
  howpublished = {\url{https://prosettings.net/library/what-is-dpi-edpi/}}
}
@misc{prosetting_guide,
  author       = {prosettings},
  title        = {overwatch best settings options guide},
  howpublished = {\url{https://prosettings.net/overwatch-best-settings-options-guide/}}
}
@misc{framerate,
  author       = {HP Con.},
  title        = {What is Frame Rate and Why is it Important to PC Gaming?},
  howpublished = {\url{https://store.hp.com/us/en/tech-takes/what-is-frame-rate}}
}
@misc{wiki:APM,
  author       = {维基百科},
  title        = {每分钟操作数 --- 维基百科{,} 自由的百科全书},
  year         = {2018},
  howpublished = {\url{https://zh.wikipedia.org/w/index.php?title=%E6%AF%8F%E5%88%86%E9%92%9F%E6%93%8D%E4%BD%9C%E6%95%B0&oldid=52217720}}
}
 @misc{zhihu_liupai,
  author       = {知乎},
  title        = {FPS游戏手腕流与手臂流到底有什么区别？},
  year         = {2018},
  howpublished = {\url{https://www.zhihu.com/question/49550056/answer/322893044}}
}
@misc{ wiki:sweet_spot_,
    author = {Wikipedia contributors},
    title = "Sweet spot (sports) --- {Wikipedia}{,} The Free Encyclopedia",
    year = "2018",
    howpublished = {\url{https://en.wikipedia.org/w/index.php?title=Sweet_spot_(sports)&oldid=875597411}}
}